@inproceedings{Gestwicki2015,
  title={Observations and opportunities in cybersecurity education game design},
  author={Gestwicki, Paul and Stumbaugh, Kaleb},
  booktitle={Computer Games: AI, Animation, Mobile, Multimedia, Educational and Serious Games (CGAMES), 2015},
  pages={131--137},
  year={2015},
  organization={IEEE}
}

@techreport{Gestwicki2015-tr,
  title={Observations and opportunities in cybersecurity education game design},
  author={Gestwicki, Paul and Stumbaugh, Kaleb},
  number={TR314},
  institution={Security and Software Engineering Research Center},
  year=2015,
  month=jun
}


@book{Saldana2009,
 title={The Coding Manual for Qualitative Researchers},
 author={Johnny Salda{\~n}a},
 year=2009,
 publisher={Sage}
}

@book{Stake2010,
 author={Robert E. Stake},
 title={Qualitative Research: Studying How Things Work},
 year=2010,
 publisher={The Guilford Press},
 location={New York},
}

@article{Cohen1994,
 author={Jacob Cohen},
 year=1994,
 title={The earth is round ($p < 0.05$)},
 journal={American Psychologist},
 month=dec,
 volume=49,
 number=12,
 page={997--1003}
}